1741 2905
384 33 503 88 '126
672 35 779 89 De
844 33 1329 84 ΑΜῐεῐτιΑ.

398 125 475 177 mi
493 128 546 178 &
566 116 861 176 Monarcbae
882 159 898 184 ,
918 119 1077 176 istum
1089 113 1626 197 amicitiaeftuc'lum

401 203 498 274 (de
516 217 625 279 quo
643 200 950 279 loquimur)
972 199 1250 257 aestiment:
1259 199 1431 254 Tanti
1450 195 1611 267 sane,

400 299 460 341 ut
480 280 730 351 eundem,
751 286 802 339 &
832 278 1218 337 incolumitatis
1237 275 1341 335 suae
1356 315 1379 347 ,
1398 283 1455 336 δι
1474 298 1611 336 am-

395 362 673 446 plitudinis
694 402 708 431 ,
727 362 966 442 periculo
985 402 1003 429 ,
1021 358 1296 417 interdum
1311 363 1613 417 coe'rnant.

397 444 665 526 ‘Principes
676 445 1063 522 enim,propter
1078 440 1379 498 distantiam
1396 447 1452 497 &
1467 438 1609 499 fisb-

396 522 687 584 Hmitatetn
701 520 1039 582 fortunarum
1052 519 1281 587 suarum,
1303 517 1334 578 ὲ
1356 516 1605 580 fortunis

399 604 673 666 servorum
694 616 745 665 ὅ(
767 604 1103 664 subditorum
1119 601 1605 684 suorum-findunt

397 687 543 746 hunc
580 688 865 767 decerpere
919 702 1191 766 nequeunt
1224 705 1239 740 τ
1296 684 1392 741 nifi
1447 679 1604 743 forte

398 772 539 846 (quo
555 787 681 825 eum
697 769 889 825 melius
906 767 1197 850 colligant)
1229 765 1438 844 aliquos
1461 785 1597 823 eve-

395 844 525 905 hant
544 855 594 905 &
616 851 1090 928 promoveant,qui
1107 847 1210 905 fint
1223 845 1321 904 fibi
1333 863 1598 925 tanquam

396 925 530 986 socii
562 936 612 986 δι
643 927 878 1008 'aequales
898 947 912 984 ε
951 928 1008 985 id
1040 928 1193 1008 quod
1225 925 1601 1008 saepenumero

395 1028 510 1067 non
529 1009 636 1067 fine
656 1008 966 1088 praejudicio
984 1006 1067 1067 fi't.
1107 1011 1333 1094 Linguae
1368 1009 1593 1068 moder-

394 1108 497 1157 nae,
511 1088 804 1148 istiusmodi
823 1087 1069 1169 personas
1092 1132 1108 1160 ,
1131 1094 1351 1149 nomine
1370 1090 1594 1150 Gratia-

379 1165 588 1252 sorum,
608 1172 695 1230 vel
714 1172 1031 1230 Amicorum
1051 1172 1210 1252 Regis
1227 1213 1246 1235 ‚
1269 1171 1591 1255 infigniuntg

392 1268 455 1309 ac
476 1252 515 1309 fi
532 1271 614 1311 res
633 1243 767 1311 effet
783 1247 982 1312 favoris
1002 1261 1055 1313 &
1072 1251 1505 1312 conversationis:
1532 1270 1591 1312 at

394 1332 724 1394 vocabulum
742 1338 1057 1395 Romanum
1076 1378 1094 1406 ‚
1131 1336 1243 1411 ejus
1280 1337 1357 1394 rei
1390 1336 1588 1394 restius

391 1417 648 1497 exprimit
684 1436 876 1476 verum
895 1416 1044 1477 usum
1062 1461 1079 1486 ,
1120 1433 1284 1498 atque
1316 1406 1546 1476 cauffam
1565 1444 1583 1485 ς

394 1497 517 1557 iilos
535 1494 839 1568 nominans,
862 1498 1149 1580 participes
1160 1519 1433 1566 curarum3
1453 1499 1583 1557 Hoc

393 1581 544 1637 enirn
560 1580 691 1639 illud
708 1581 800 1650 est,
820 1580 967 1660 quod
987 1600 1174 1640 verum
1191 1580 1230 1636 li
1273 1599 1426 1638 amen
1444 1598 1582 1659 prae·

393 1661 698 1743 stat.Atque
712 1659 818 1721 hoc
837 1654 1018 1722 feciffe
1033 1600 1309 1718 manifefio
1323 1660 1584 1732 videmus,

392 1758 509 1800 non
525 1761 743 1802 tanturn
760 1743 1023 1824 Principes
1038 1739 1316 1809 delicatos),
1337 1748 1388 1799 &
1410 1741 1583 1800 imbe-

394 1824 530 1884 cillis
545 1820 746 1890 ·animi;
768 1822 854 1883 sed
869 1829 1035 1884 etiam
1053 1813 1505 1903 prudentiffim05‚
1527 1830 1582 1883 &

393 1910 626 1966 maxime
658 1907 920 1965 Politicos
956 1927 1023 1965 ex
1057 1907 1124 1964 iis
1142 1907 1235 1985 qui
1254 1920 1545 1985 regnarunt
1561 1924 1580 1961 ε

394 1986 516 2062 Qi
536 1986 668 2065 saepe
686 1986 783 2044 fibi
800 1987 1155 2062 adjunxerunt
1173 1986 1376 2064 aliquos
1391 2003 1456 2042 ex
1470 1983 1581 2043 ser-

392 2066 474 2121 vis
495 2063 595 2124 suis
614 2091 631 2132 ς
668 2085 801 2144 quos
822 2075 873 2125 &
894 2067 988 2147 ipfi
1017 2067 1236 2125 Amicos
1267 2064 1384 2124 suos
1415 2084 1578 2124 voca-

389 2160 516 2201 runt
533 2187 548 2212 ,
570 2152 621 2203 &
640 2145 754 2205 aliis
769 2146 965 2207 eodem
980 2147 1102 2207 illos
1117 2149 1339 2205 nomine
1358 2145 1452 2204 infi
1493 2148 1579 2203 ni·

388 2239 446 2280 re
463 2225 832 2302 permiserunt:
851 2246 963 2284 non
981 2230 1087 2286 alio
1106 2246 1318 2287 utentes
1330 2248 1472 2285 svoca
1507 2245 1576 2283 u·

388 2302 634 2387 10,qnam
651 2307 795 2386 quod
813 2310 953 2365 inter
965 2309 1213 2367 homines
1228 2311 1447 2388 privatae
1460 2302 1577 2366 for-

390 2398 537 2440 tunae
556 2400 834 2463 receptum
849 2390 942 2444 est.
1231 2426 1237 2432 -
1268 2445 1273 2451 ,

405 2489 414 2495 ·
469 2473 536 2520 L·
557 2465 701 2547 sylla
722 2507 739 2534 ‚
775 2469 1061 2546 postquam
1075 2472 1387 2533 Romanum
1401 2472 1579 2548 Impef-

403 2574 410 2579 ·
443 2576 474 2583 ··*
1438 2569 1578 2615 rium
