<?xml version="1.0" encoding="UTF-8"?>
<!DOCTYPE html PUBLIC "-//W3C//DTD XHTML 1.0 Transitional//EN"
    "http://www.w3.org/TR/xhtml1/DTD/xhtml1-transitional.dtd">
<html xmlns="http://www.w3.org/1999/xhtml" xml:lang="en" lang="en">
 <head>
  <title>
</title>
<meta http-equiv="Content-Type" content="text/html;charset=utf-8" />
  <meta name='ocr-system' content='tesseract 3.04.00' />
  <meta name='ocr-capabilities' content='ocr_page ocr_carea ocr_par ocr_line ocrx_word'/>
</head>
<body>
  <div class='ocr_page' id='page_1' title='image "./frbaconideverul00bacogoog_0278.png"; bbox 0 0 1741 2905; ppageno 0'>
   <div class='ocr_carea' id='block_1_1' title="bbox 278 58 1551 2673">
    <p class='ocr_par' dir='ltr' id='par_1_1' title="bbox 278 58 1551 2673">
     <span class='ocr_line' id='line_1_1' title="bbox 299 58 1455 133; baseline -0.002 -10"><span class='ocrx_word' id='word_1_1' title='bbox 299 70 418 133; x_wconf 82' lang='lat'>276</span> <span class='ocrx_word' id='word_1_2' title='bbox 449 58 629 118; x_wconf 81' lang='lat' dir='ltr'>Mon.</span> <span class='ocrx_word' id='word_1_3' title='bbox 651 71 722 115; x_wconf 82' lang='lat' dir='ltr'>m</span> <span class='ocrx_word' id='word_1_4' title='bbox 750 59 950 117; x_wconf 66' lang='lat' dir='ltr'>Vra-r.</span> <span class='ocrx_word' id='word_1_5' title='bbox 973 73 1455 121; x_wconf 67' lang='lat' dir='ltr'>uenenum.</span> 
     </span>
     <span class='ocr_line' id='line_1_2' title="bbox 294 144 1551 232; baseline 0.008 -26"><span class='ocrx_word' id='word_1_6' title='bbox 294 151 454 211; x_wconf 72' lang='lat' dir='ltr'>aliud</span> <span class='ocrx_word' id='word_1_7' title='bbox 468 148 667 229; x_wconf 76' lang='lat' dir='ltr'>agendo</span> <span class='ocrx_word' id='word_1_8' title='bbox 668 144 952 232; x_wconf 66' lang='lat' dir='ltr'>supererat·</span> <span class='ocrx_word' id='word_1_9' title='bbox 967 175 983 216; x_wconf 71' lang='grc' dir='ltr'><strong>ς</strong></span> <span class='ocrx_word' id='word_1_10' title='bbox 1025 152 1289 229; x_wconf 79' lang='lat' dir='ltr'>quoniam</span> <span class='ocrx_word' id='word_1_11' title='bbox 1303 153 1395 212; x_wconf 82' lang='lat' dir='ltr'>ita</span> <span class='ocrx_word' id='word_1_12' title='bbox 1410 151 1551 215; x_wconf 86' lang='lat' dir='ltr'>fert</span> 
     </span>
     <span class='ocr_line' id='line_1_3' title="bbox 295 219 1538 311; baseline -0.005 -17"><span class='ocrx_word' id='word_1_13' title='bbox 295 250 523 308; x_wconf 65' lang='lat' dir='ltr'>natura,</span> <span class='ocrx_word' id='word_1_14' title='bbox 539 247 599 289; x_wconf 89' lang='lat' dir='ltr'>ut</span> <span class='ocrx_word' id='word_1_15' title='bbox 620 219 995 290; x_wconf 84' lang='lat' dir='ltr'>neceffitatem</span> <span class='ocrx_word' id='word_1_16' title='bbox 1015 232 1393 311; x_wconf 85' lang='lat' dir='ltr'>&amp;imperium</span> <span class='ocrx_word' id='word_1_17' title='bbox 1409 237 1538 297; x_wconf 85' lang='lat' dir='ltr'>du..</span> 
     </span>
     <span class='ocr_line' id='line_1_4' title="bbox 295 308 1528 383; baseline 0.005 -11"><span class='ocrx_word' id='word_1_18' title='bbox 295 333 422 372; x_wconf 89' lang='lat' dir='ltr'>rum</span> <span class='ocrx_word' id='word_1_19' title='bbox 453 308 625 371; x_wconf 89' lang='lat' dir='ltr'>ferme</span> <span class='ocrx_word' id='word_1_20' title='bbox 658 310 856 370; x_wconf 85' lang='lat' dir='ltr'>oderit.</span> <span class='ocrx_word' id='word_1_21' title='bbox 915 316 1051 371; x_wconf 84' lang='lat' dir='ltr'>Sunt</span> <span class='ocrx_word' id='word_1_22' title='bbox 1089 319 1141 372; x_wconf 75' lang='grc' dir='ltr'>δι</span> <span class='ocrx_word' id='word_1_23' title='bbox 1168 313 1273 372; x_wconf 81' lang='lat' dir='ltr'>alia</span> <span class='ocrx_word' id='word_1_24' title='bbox 1304 317 1528 383; x_wconf 77' lang='lat' dir='ltr'>multa,</span> 
     </span>
     <span class='ocr_line' id='line_1_5' title="bbox 293 385 1525 480; baseline 0.006 -27"><span class='ocrx_word' id='word_1_25' title='bbox 293 414 419 475; x_wconf 85' lang='lat' dir='ltr'>quae</span> <span class='ocrx_word' id='word_1_26' title='bbox 438 392 646 453; x_wconf 78' lang='lat' dir='ltr'>utssiter</span> <span class='ocrx_word' id='word_1_27' title='bbox 676 385 1115 474; x_wconf 78' lang='lat' dir='ltr'>praecipi-poffint</span> <span class='ocrx_word' id='word_1_28' title='bbox 1147 393 1215 454; x_wconf 85' lang='lat' dir='ltr'>de</span> <span class='ocrx_word' id='word_1_29' title='bbox 1231 398 1525 480; x_wconf 84' lang='lat' dir='ltr'>regimine</span> 
     </span>
     <span class='ocr_line' id='line_1_6' title="bbox 290 470 1522 559; baseline -0.002 -25"><span class='ocrx_word' id='word_1_30' title='bbox 290 473 686 558; x_wconf 73' lang='lat' dir='ltr'><em>consuetudinis</em></span> <span class='ocrx_word' id='word_1_31' title='bbox 705 498 726 529; x_wconf 88' lang='lat'>.·</span> <span class='ocrx_word' id='word_1_32' title='bbox 748 470 1084 557; x_wconf 72' lang='lat' dir='ltr'><em>Consuetudo</em></span> <span class='ocrx_word' id='word_1_33' title='bbox 1098 479 1274 545; x_wconf 88' lang='lat' dir='ltr'>enim,</span> <span class='ocrx_word' id='word_1_34' title='bbox 1315 478 1354 535; x_wconf 85' lang='lat' dir='ltr'>fi</span> <span class='ocrx_word' id='word_1_35' title='bbox 1367 500 1522 559; x_wconf 84' lang='lat' dir='ltr'>pru-</span> 
     </span>
     <span class='ocr_line' id='line_1_7' title="bbox 291 555 1517 637; baseline 0.002 -21"><span class='ocrx_word' id='word_1_36' title='bbox 291 555 487 617; x_wconf 88' lang='lat' dir='ltr'>denter</span> <span class='ocrx_word' id='word_1_37' title='bbox 506 564 558 617; x_wconf 79' lang='grc' dir='ltr'>δι</span> <span class='ocrx_word' id='word_1_38' title='bbox 572 558 743 637; x_wconf 86' lang='lat' dir='ltr'>perite</span> <span class='ocrx_word' id='word_1_39' title='bbox 756 556 1044 616; x_wconf 83' lang='lat' dir='ltr'>inducatur</span> <span class='ocrx_word' id='word_1_40' title='bbox 1062 599 1079 627; x_wconf 89' lang='lat'>‚</span> <span class='ocrx_word' id='word_1_41' title='bbox 1119 556 1183 618; x_wconf 88' lang='lat' dir='ltr'>fit</span> <span class='ocrx_word' id='word_1_42' title='bbox 1205 577 1398 619; x_wconf 81' lang='lat' dir='ltr'>revera·</span> <span class='ocrx_word' id='word_1_43' title='bbox 1411 566 1517 634; x_wconf 84' lang='lat' dir='ltr'>(ut</span> 
     </span>
     <span class='ocr_line' id='line_1_8' title="bbox 292 638 1512 722; baseline -0.004 -23"><span class='ocrx_word' id='word_1_44' title='bbox 292 639 470 722; x_wconf 81' lang='lat' dir='ltr'>vulgo</span> <span class='ocrx_word' id='word_1_45' title='bbox 500 638 741 710; x_wconf 85' lang='lat' dir='ltr'>dicitur)</span> <span class='ocrx_word' id='word_1_46' title='bbox 772 638 942 696; x_wconf 76' lang='lat' dir='ltr'>altera</span> <span class='ocrx_word' id='word_1_47' title='bbox 968 655 1212 700; x_wconf 70' lang='lat' dir='ltr'>naetnra:</span> <span class='ocrx_word' id='word_1_48' title='bbox 1253 642 1432 721; x_wconf 81' lang='lat' dir='ltr'>Qod</span> <span class='ocrx_word' id='word_1_49' title='bbox 1461 645 1512 706; x_wconf 74' lang='lat' dir='ltr'>fi</span> 
     </span>
     <span class='ocr_line' id='line_1_9' title="bbox 294 715 1507 799; baseline 0.004 -19"><span class='ocrx_word' id='word_1_50' title='bbox 294 721 544 799; x_wconf 86' lang='lat' dir='ltr'>imperite</span> <span class='ocrx_word' id='word_1_51' title='bbox 572 727 626 778; x_wconf 85' lang='lat'>&amp;</span> <span class='ocrx_word' id='word_1_52' title='bbox 651 715 895 780; x_wconf 87' lang='lat' dir='ltr'>fortuito</span> <span class='ocrx_word' id='word_1_53' title='bbox 919 721 1318 781; x_wconf 80' lang='lat' dir='ltr'>administretur</span> <span class='ocrx_word' id='word_1_54' title='bbox 1335 764 1353 791; x_wconf 91' lang='lat'><strong>,</strong></span> <span class='ocrx_word' id='word_1_55' title='bbox 1392 727 1507 785; x_wconf 89' lang='lat' dir='ltr'>erit</span> 
     </span>
     <span class='ocr_line' id='line_1_10' title="bbox 290 799 1509 883; baseline 0.004 -23"><span class='ocrx_word' id='word_1_56' title='bbox 290 817 510 860; x_wconf 86' lang='lat' dir='ltr'>tantum</span> <span class='ocrx_word' id='word_1_57' title='bbox 542 799 724 858; x_wconf 69' lang='lat' dir='ltr'>Simia</span> <span class='ocrx_word' id='word_1_58' title='bbox 755 818 997 869; x_wconf 83' lang='lat' dir='ltr'>naturae;</span> <span class='ocrx_word' id='word_1_59' title='bbox 1028 822 1149 883; x_wconf 83' lang='lat' dir='ltr'>quae</span> <span class='ocrx_word' id='word_1_60' title='bbox 1168 800 1303 863; x_wconf 82' lang='lat' dir='ltr'>nihil</span> <span class='ocrx_word' id='word_1_61' title='bbox 1329 805 1509 866; x_wconf 84' lang='lat' dir='ltr'>advi-</span> 
     </span>
     <span class='ocr_line' id='line_1_11' title="bbox 288 881 1506 955; baseline 0.007 -16"><span class='ocrx_word' id='word_1_62' title='bbox 288 901 424 941; x_wconf 82' lang='lat' dir='ltr'>vum</span> <span class='ocrx_word' id='word_1_63' title='bbox 442 881 719 953; x_wconf 91' lang='lat' dir='ltr'>imitetur,</span> <span class='ocrx_word' id='word_1_64' title='bbox 736 881 824 941; x_wconf 84' lang='lat' dir='ltr'>sed</span> <span class='ocrx_word' id='word_1_65' title='bbox 845 881 1036 942; x_wconf 87' lang='lat' dir='ltr'>inscite</span> <span class='ocrx_word' id='word_1_66' title='bbox 1058 901 1274 945; x_wconf 88' lang='lat' dir='ltr'>tantum</span> <span class='ocrx_word' id='word_1_67' title='bbox 1289 928 1306 955; x_wconf 92' lang='lat'>‚</span> <span class='ocrx_word' id='word_1_68' title='bbox 1329 893 1381 946; x_wconf 74' lang='grc' dir='ltr'>δι</span> <span class='ocrx_word' id='word_1_69' title='bbox 1399 887 1506 948; x_wconf 86' lang='lat' dir='ltr'>de-</span> 
     </span>
     <span class='ocr_line' id='line_1_12' title="bbox 291 960 564 1022; baseline -0.007 0"><span class='ocrx_word' id='word_1_70' title='bbox 291 960 564 1022; x_wconf 82' lang='lat' dir='ltr'>formiter.</span> 
     </span>
     <span class='ocr_line' id='line_1_13' title="bbox 301 1044 1500 1118; baseline 0.003 -13"><span class='ocrx_word' id='word_1_71' title='bbox 301 1066 309 1074; x_wconf 90' lang='lat'><strong>·</strong></span> <span class='ocrx_word' id='word_1_72' title='bbox 374 1044 633 1106; x_wconf 77' lang='lat' dir='ltr'>Similiter</span> <span class='ocrx_word' id='word_1_73' title='bbox 652 1088 669 1115; x_wconf 91' lang='lat'>‚</span> <span class='ocrx_word' id='word_1_74' title='bbox 704 1044 744 1103; x_wconf 88' lang='lat' dir='ltr'>fi</span> <span class='ocrx_word' id='word_1_75' title='bbox 758 1044 826 1106; x_wconf 88' lang='lat' dir='ltr'>de</span> <span class='ocrx_word' id='word_1_76' title='bbox 842 1045 1023 1106; x_wconf 69' lang='lat' dir='ltr'>Libris</span> <span class='ocrx_word' id='word_1_77' title='bbox 1039 1054 1092 1107; x_wconf 90' lang='lat'>&amp;</span> <span class='ocrx_word' id='word_1_78' title='bbox 1111 1047 1322 1116; x_wconf 65' lang='lat' dir='ltr'>Studia}</span> <span class='ocrx_word' id='word_1_79' title='bbox 1339 1090 1356 1118; x_wconf 90' lang='lat'>‚</span> <span class='ocrx_word' id='word_1_80' title='bbox 1391 1069 1500 1108; x_wconf 86' lang='lat' dir='ltr'>eo-</span> 
     </span>
     <span class='ocr_line' id='line_1_14' title="bbox 292 1127 1492 1207; baseline 0.003 -22"><span class='ocrx_word' id='word_1_81' title='bbox 292 1146 519 1206; x_wconf 87' lang='lat' dir='ltr'>rumque</span> <span class='ocrx_word' id='word_1_82' title='bbox 554 1127 621 1185; x_wconf 86' lang='lat' dir='ltr'>ad</span> <span class='ocrx_word' id='word_1_83' title='bbox 647 1137 824 1186; x_wconf 84' lang='lat' dir='ltr'>Mores</span> <span class='ocrx_word' id='word_1_84' title='bbox 857 1130 1065 1189; x_wconf 86' lang='lat' dir='ltr'>virtute</span> <span class='ocrx_word' id='word_1_85' title='bbox 1095 1136 1149 1207; x_wconf 61' lang='lat'>84</span> <span class='ocrx_word' id='word_1_86' title='bbox 1177 1131 1492 1201; x_wconf 79' lang='lat' dir='ltr'>influentia,</span> 
     </span>
     <span class='ocr_line' id='line_1_15' title="bbox 290 1203 1495 1270; baseline 0.003 -4"><span class='ocrx_word' id='word_1_87' title='bbox 290 1206 459 1266; x_wconf 80' lang='lat' dir='ltr'>verba</span> <span class='ocrx_word' id='word_1_88' title='bbox 471 1203 650 1267; x_wconf 83' lang='lat' dir='ltr'>facere</span> <span class='ocrx_word' id='word_1_89' title='bbox 668 1208 926 1269; x_wconf 83' lang='lat' dir='ltr'>vellemus</span> <span class='ocrx_word' id='word_1_90' title='bbox 953 1229 968 1266; x_wconf 69' lang='grc' dir='ltr'><strong><em>ε</em></strong></span> <span class='ocrx_word' id='word_1_91' title='bbox 998 1230 1290 1269; x_wconf 89' lang='lat' dir='ltr'>num-nam</span> <span class='ocrx_word' id='word_1_92' title='bbox 1304 1208 1495 1270; x_wconf 87' lang='lat' dir='ltr'>desunt</span> 
     </span>
     <span class='ocr_line' id='line_1_16' title="bbox 287 1288 1494 1370; baseline 0.002 -22"><span class='ocrx_word' id='word_1_93' title='bbox 287 1288 523 1370; x_wconf 57' lang='lat' dir='ltr'>plurima</span> <span class='ocrx_word' id='word_1_94' title='bbox 534 1307 802 1370; x_wconf 82' lang='lat' dir='ltr'>praecepta</span> <span class='ocrx_word' id='word_1_95' title='bbox 821 1333 850 1360; x_wconf 50' lang='lat' dir='ltr'>r</span> <span class='ocrx_word' id='word_1_96' title='bbox 876 1298 930 1351; x_wconf 87' lang='lat'>&amp;</span> <span class='ocrx_word' id='word_1_97' title='bbox 961 1291 1177 1351; x_wconf 86' lang='lat' dir='ltr'>confilia</span> <span class='ocrx_word' id='word_1_98' title='bbox 1201 1288 1494 1363; x_wconf 70' lang='lat' dir='ltr'>frustuosa,</span> 
     </span>
     <span class='ocr_line' id='line_1_17' title="bbox 290 1360 1494 1454; baseline 0.002 -24"><span class='ocrx_word' id='word_1_99' title='bbox 290 1392 363 1430; x_wconf 87' lang='lat' dir='ltr'>eo</span> <span class='ocrx_word' id='word_1_100' title='bbox 383 1360 686 1454; x_wconf 63' lang='lat' dir='ltr'>spectantia</span> <span class='ocrx_word' id='word_1_101' title='bbox 707 1383 726 1429; x_wconf 70' lang='grc' dir='ltr'><strong><em>ἓ</em></strong></span> <span class='ocrx_word' id='word_1_102' title='bbox 767 1378 970 1431; x_wconf 87' lang='lat' dir='ltr'>Annon</span> <span class='ocrx_word' id='word_1_103' title='bbox 988 1393 1122 1433; x_wconf 84' lang='lat' dir='ltr'>unus</span> <span class='ocrx_word' id='word_1_104' title='bbox 1139 1394 1207 1432; x_wconf 85' lang='lat' dir='ltr'>ex</span> <span class='ocrx_word' id='word_1_105' title='bbox 1227 1371 1494 1442; x_wconf 65' lang='lat' dir='ltr'>PatribuS‚</span> 
     </span>
     <span class='ocr_line' id='line_1_18' title="bbox 286 1452 1494 1547; baseline 0.003 -35"><span class='ocrx_word' id='word_1_106' title='bbox 286 1471 492 1547; x_wconf 83' lang='lat' dir='ltr'>magna</span> <span class='ocrx_word' id='word_1_107' title='bbox 511 1475 638 1514; x_wconf 89' lang='lat' dir='ltr'>cum</span> <span class='ocrx_word' id='word_1_108' title='bbox 657 1452 1032 1537; x_wconf 83' lang='lat' dir='ltr'>indignatione</span> <span class='ocrx_word' id='word_1_109' title='bbox 1050 1499 1067 1525; x_wconf 90' lang='lat'>,</span> <span class='ocrx_word' id='word_1_110' title='bbox 1112 1452 1291 1536; x_wconf 70' lang='lat' dir='ltr'>Poissn</span> <span class='ocrx_word' id='word_1_111' title='bbox 1307 1458 1494 1536; x_wconf 85' lang='lat' dir='ltr'>appel-</span> 
     </span>
     <span class='ocr_line' id='line_1_19' title="bbox 286 1535 1496 1618; baseline 0.003 -26"><span class='ocrx_word' id='word_1_112' title='bbox 286 1535 420 1594; x_wconf 77' lang='lat' dir='ltr'>lavit</span> <span class='ocrx_word' id='word_1_113' title='bbox 437 1535 643 1598; x_wconf 72' lang='lat' dir='ltr'>Vinum</span> <span class='ocrx_word' id='word_1_114' title='bbox 658 1544 998 1604; x_wconf 60' lang='lat' dir='ltr'>Damonnnn</span> <span class='ocrx_word' id='word_1_115' title='bbox 1021 1556 1148 1596; x_wconf 88' lang='lat' dir='ltr'>cum</span> <span class='ocrx_word' id='word_1_116' title='bbox 1163 1558 1348 1597; x_wconf 85' lang='lat' dir='ltr'>revera</span> <span class='ocrx_word' id='word_1_117' title='bbox 1361 1557 1496 1618; x_wconf 86' lang='lat' dir='ltr'>pro-</span> 
     </span>
     <span class='ocr_line' id='line_1_20' title="bbox 284 1617 1495 1700; baseline 0.005 -28"><span class='ocrx_word' id='word_1_118' title='bbox 284 1618 484 1700; x_wconf 79' lang='lat' dir='ltr'>gignat</span> <span class='ocrx_word' id='word_1_119' title='bbox 517 1617 771 1698; x_wconf 80' lang='lat' dir='ltr'>plurimas</span> <span class='ocrx_word' id='word_1_120' title='bbox 802 1620 1138 1679; x_wconf 79' lang='lat' dir='ltr'>tentationes</span> <span class='ocrx_word' id='word_1_121' title='bbox 1168 1662 1185 1688; x_wconf 92' lang='lat'>‚</span> <span class='ocrx_word' id='word_1_122' title='bbox 1224 1620 1495 1699; x_wconf 86' lang='lat' dir='ltr'>cupidita-</span> 
     </span>
     <span class='ocr_line' id='line_1_21' title="bbox 286 1700 1494 1780; baseline 0.006 -26"><span class='ocrx_word' id='word_1_123' title='bbox 286 1715 372 1755; x_wconf 85' lang='lat' dir='ltr'>tes</span> <span class='ocrx_word' id='word_1_124' title='bbox 391 1741 407 1767; x_wconf 94' lang='lat'>,</span> <span class='ocrx_word' id='word_1_125' title='bbox 430 1706 483 1757; x_wconf 84' lang='lat'>&amp;</span> <span class='ocrx_word' id='word_1_126' title='bbox 502 1700 785 1777; x_wconf 85' lang='lat' dir='ltr'>opiniones</span> <span class='ocrx_word' id='word_1_127' title='bbox 804 1721 962 1759; x_wconf 83' lang='lat' dir='ltr'>vanas</span> <span class='ocrx_word' id='word_1_128' title='bbox 982 1711 1002 1757; x_wconf 68' lang='grc' dir='ltr'><em>ἒ</em></span> <span class='ocrx_word' id='word_1_129' title='bbox 1042 1705 1248 1759; x_wconf 81' lang='lat' dir='ltr'>Annon</span> <span class='ocrx_word' id='word_1_130' title='bbox 1263 1702 1494 1780; x_wconf 82' lang='lat' dir='ltr'>prudens</span> 
     </span>
     <span class='ocr_line' id='line_1_22' title="bbox 286 1779 1495 1862; baseline 0.003 -25"><span class='ocrx_word' id='word_1_131' title='bbox 286 1779 602 1849; x_wconf 87' lang='lat' dir='ltr'>admodum,</span> <span class='ocrx_word' id='word_1_132' title='bbox 622 1787 672 1839; x_wconf 86' lang='lat'>&amp;</span> <span class='ocrx_word' id='word_1_133' title='bbox 691 1779 877 1862; x_wconf 84' lang='lat' dir='ltr'>digna,</span> <span class='ocrx_word' id='word_1_134' title='bbox 897 1800 1017 1862; x_wconf 82' lang='lat' dir='ltr'>quae</span> <span class='ocrx_word' id='word_1_135' title='bbox 1038 1780 1179 1840; x_wconf 86' lang='lat' dir='ltr'>bene</span> <span class='ocrx_word' id='word_1_136' title='bbox 1194 1782 1495 1862; x_wconf 84' lang='lat' dir='ltr'>perpenda-</span> 
     </span>
     <span class='ocr_line' id='line_1_23' title="bbox 287 1863 1497 1932; baseline 0.003 -13"><span class='ocrx_word' id='word_1_137' title='bbox 287 1877 399 1929; x_wconf 88' lang='lat' dir='ltr'>tur,</span> <span class='ocrx_word' id='word_1_138' title='bbox 417 1864 493 1922; x_wconf 90' lang='lat' dir='ltr'>est</span> <span class='ocrx_word' id='word_1_139' title='bbox 508 1865 787 1921; x_wconf 86' lang='lat' dir='ltr'>Sententia</span> <span class='ocrx_word' id='word_1_140' title='bbox 803 1863 1134 1932; x_wconf 71' lang='lat' dir='ltr'>AristoteliS,</span> <span class='ocrx_word' id='word_1_141' title='bbox 1154 1873 1381 1924; x_wconf 72' lang='lat' dir='ltr'>lnwnes</span> <span class='ocrx_word' id='word_1_142' title='bbox 1389 1886 1497 1923; x_wconf 74' lang='lat' dir='ltr'>non</span> 
     </span>
     <span class='ocr_line' id='line_1_24' title="bbox 284 1940 1498 2027; baseline 0.004 -29"><span class='ocrx_word' id='word_1_143' title='bbox 284 1945 378 2014; x_wconf 78' lang='lat' dir='ltr'>effe</span> <span class='ocrx_word' id='word_1_144' title='bbox 403 1944 610 2003; x_wconf 75' lang='lat' dir='ltr'>idoneos</span> <span class='ocrx_word' id='word_1_145' title='bbox 642 1945 867 2003; x_wconf 65' lang='lat' dir='ltr'>moralis</span> <span class='ocrx_word' id='word_1_146' title='bbox 915 1940 1228 2027; x_wconf 74' lang='lat' dir='ltr'>philosophia</span> <span class='ocrx_word' id='word_1_147' title='bbox 1269 1944 1498 2003; x_wconf 71' lang='lat' dir='ltr'>andiu-</span> 
     </span>
     <span class='ocr_line' id='line_1_25' title="bbox 285 2024 1493 2104; baseline 0.004 -26"><span class='ocrx_word' id='word_1_148' title='bbox 285 2043 398 2091; x_wconf 61' lang='grc' dir='ltr'>ηις</span> <span class='ocrx_word' id='word_1_149' title='bbox 421 2026 545 2102; x_wconf 83' lang='lat' dir='ltr'>quia</span> <span class='ocrx_word' id='word_1_150' title='bbox 561 2024 734 2082; x_wconf 84' lang='lat' dir='ltr'>inillis</span> <span class='ocrx_word' id='word_1_151' title='bbox 756 2024 1230 2104; x_wconf 77' lang='lat' dir='ltr'>perturbationum</span> <span class='ocrx_word' id='word_1_152' title='bbox 1247 2026 1493 2085; x_wconf 80' lang='lat' dir='ltr'>aestuatio</span> 
     </span>
     <span class='ocr_line' id='line_1_26' title="bbox 284 2101 1491 2187; baseline 0.004 -27"><span class='ocrx_word' id='word_1_153' title='bbox 284 2101 534 2162; x_wconf 84' lang='lat' dir='ltr'>nondum</span> <span class='ocrx_word' id='word_1_154' title='bbox 549 2101 724 2165; x_wconf 78' lang='lat' dir='ltr'>sedata</span> <span class='ocrx_word' id='word_1_155' title='bbox 737 2106 813 2164; x_wconf 86' lang='lat' dir='ltr'>est</span> <span class='ocrx_word' id='word_1_156' title='bbox 835 2149 851 2174; x_wconf 93' lang='lat'>,</span> <span class='ocrx_word' id='word_1_157' title='bbox 864 2127 966 2165; x_wconf 87' lang='lat' dir='ltr'>nec</span> <span class='ocrx_word' id='word_1_158' title='bbox 984 2125 1232 2187; x_wconf 86' lang='lat' dir='ltr'>tempore</span> <span class='ocrx_word' id='word_1_159' title='bbox 1244 2115 1297 2166; x_wconf 84' lang='lat'>&amp;</span> <span class='ocrx_word' id='word_1_160' title='bbox 1310 2124 1491 2166; x_wconf 83' lang='lat' dir='ltr'>rerum</span> 
     </span>
     <span class='ocr_line' id='line_1_27' title="bbox 284 2185 1488 2278; baseline 0.003 -38"><span class='ocrx_word' id='word_1_161' title='bbox 284 2185 619 2262; x_wconf 85' lang='lat' dir='ltr'>experientia</span> <span class='ocrx_word' id='word_1_162' title='bbox 652 2185 970 2278; x_wconf 75' lang='lat' dir='ltr'>consopita?</span> <span class='ocrx_word' id='word_1_163' title='bbox 1007 2195 1193 2269; x_wconf 86' lang='lat' dir='ltr'>Atque</span> <span class='ocrx_word' id='word_1_164' title='bbox 1220 2205 1280 2247; x_wconf 89' lang='lat' dir='ltr'>ut</span> <span class='ocrx_word' id='word_1_165' title='bbox 1299 2205 1488 2245; x_wconf 85' lang='lat' dir='ltr'>verum</span> 
     </span>
     <span class='ocr_line' id='line_1_28' title="bbox 281 2264 1490 2348; baseline 0.006 -27"><span class='ocrx_word' id='word_1_166' title='bbox 281 2264 524 2323; x_wconf 84' lang='lat' dir='ltr'>dicamus</span> <span class='ocrx_word' id='word_1_167' title='bbox 547 2307 563 2331; x_wconf 94' lang='lat'>,</span> <span class='ocrx_word' id='word_1_168' title='bbox 601 2270 805 2324; x_wconf 86' lang='lat' dir='ltr'>Annon</span> <span class='ocrx_word' id='word_1_169' title='bbox 820 2267 945 2325; x_wconf 74' lang='lat' dir='ltr'>ideo</span> <span class='ocrx_word' id='word_1_170' title='bbox 963 2266 1046 2335; x_wconf 88' lang='lat' dir='ltr'>fit,</span> <span class='ocrx_word' id='word_1_171' title='bbox 1068 2287 1129 2329; x_wconf 87' lang='lat' dir='ltr'>ut</span> <span class='ocrx_word' id='word_1_172' title='bbox 1149 2271 1490 2348; x_wconf 84' lang='lat' dir='ltr'>Scriptorum</span> 
     </span>
     <span class='ocr_line' id='line_1_29' title="bbox 283 2338 1494 2425; baseline 0.007 -26"><span class='ocrx_word' id='word_1_173' title='bbox 283 2342 579 2420; x_wconf 86' lang='lat' dir='ltr'>priscorum</span> <span class='ocrx_word' id='word_1_174' title='bbox 617 2338 1026 2425; x_wconf 81' lang='lat' dir='ltr'>praestantiffimi</span> <span class='ocrx_word' id='word_1_175' title='bbox 1037 2348 1163 2407; x_wconf 90' lang='lat' dir='ltr'>libri</span> <span class='ocrx_word' id='word_1_176' title='bbox 1182 2357 1251 2413; x_wconf 65' lang='grc' dir='ltr'>ὅ(</span> <span class='ocrx_word' id='word_1_177' title='bbox 1283 2348 1494 2408; x_wconf 88' lang='lat' dir='ltr'>sermo-</span> 
     </span>
     <span class='ocr_line' id='line_1_30' title="bbox 280 2421 1493 2502; baseline 0.009 -24"><span class='ocrx_word' id='word_1_178' title='bbox 280 2443 374 2480; x_wconf 83' lang='lat' dir='ltr'>nes</span> <span class='ocrx_word' id='word_1_179' title='bbox 418 2424 636 2502; x_wconf 86' lang='lat' dir='ltr'>(quibus</span> <span class='ocrx_word' id='word_1_180' title='bbox 655 2423 724 2483; x_wconf 79' lang='lat' dir='ltr'>ad</span> <span class='ocrx_word' id='word_1_181' title='bbox 745 2427 1011 2485; x_wconf 84' lang='lat' dir='ltr'>virtutem</span> <span class='ocrx_word' id='word_1_182' title='bbox 1026 2426 1281 2488; x_wconf 81' lang='lat' dir='ltr'>homines</span> <span class='ocrx_word' id='word_1_183' title='bbox 1298 2421 1493 2489; x_wconf 79' lang='lat' dir='ltr'>effica-</span> 
     </span>
     <span class='ocr_line' id='line_1_31' title="bbox 278 2495 1490 2595; baseline 0.01 -37"><span class='ocrx_word' id='word_1_184' title='bbox 278 2495 484 2564; x_wconf 74' lang='lat' dir='ltr'>ciffime</span> <span class='ocrx_word' id='word_1_185' title='bbox 497 2506 711 2566; x_wconf 85' lang='lat' dir='ltr'>invitati</span> <span class='ocrx_word' id='word_1_186' title='bbox 726 2503 885 2591; x_wconf 48' lang='lat' dir='ltr'>suun</span> <span class='ocrx_word' id='word_1_187' title='bbox 923 2522 1038 2568; x_wconf 73' lang='lat' dir='ltr'>tam</span> <span class='ocrx_word' id='word_1_188' title='bbox 1069 2506 1355 2595; x_wconf 69' lang='lat' dir='ltr'>augustano</span> <span class='ocrx_word' id='word_1_189' title='bbox 1372 2512 1490 2583; x_wconf 75' lang='lat' dir='ltr'>ejus</span> 
     </span>
     <span class='ocr_line' id='line_1_32' title="bbox 1310 2610 1485 2673; baseline 0.017 -27"><span class='ocrx_word' id='word_1_190' title='bbox 1310 2610 1485 2673; x_wconf 45' lang='lat' dir='ltr'>mal-&#39;eff</span> 
     </span>
    </p>
   </div>
   <div class='ocr_carea' id='block_1_2' title="bbox 1690 909 1712 1549">
    <p class='ocr_par' dir='ltr' id='par_1_2' title="bbox 1690 909 1712 1549">
     <span class='ocr_line' id='line_1_33' title="bbox 1690 909 1712 1549; textangle 90"><span class='ocrx_word' id='word_1_191' title='bbox 1700 1460 1712 1549; x_wconf 71' lang='lat'>--—1.-</span> <span class='ocrx_word' id='word_1_192' title='bbox 1690 909 1709 1448; x_wconf 26' lang='lat' dir='ltr'>u—flss-A-——n-*ss——Q</span> 
     </span>
    </p>
   </div>
  </div>
 </body>
</html>
