1741 2905
423 59 534 118 146
576 51 665 106 De
687 42 1253 104 Paornnffitmnvs
1281 42 1615 103 hauan.

375 135 610 203 faiis„
628 150 882 191 truncum
918 125 1109 188 habeat
1130 127 1254 186 satis
1285 128 1575 208 amplum,
1596 137 1653 189 δε

418 215 698 276 robustum
716 255 734 282 ,
766 212 836 290 {td
866 227 1043 269 ramos
1079 208 1197 268 suos
1217 205 1522 269 &frondes
1554 210 1647 269 su-

421 295 723 357 stentandos
746 320 761 362 3
787 294 893 351 hoc
911 293 985 350 est
1004 333 1019 361 ‚
1041 308 1102 350 ut
1119 309 1375 350 numerus
1410 292 1645 373 indige-

396 384 654 456 aarum)
678 374 744 434 ad
776 373 1013 433 subditos
1035 389 1321 430 extraneos
1354 371 1644 431 cohiben-

422 461 521 519 dos
543 502 559 530 ,
598 457 717 518 satis
748 455 1006 536 superque
1032 448 1291 514 sufficiat.
1329 454 1420 512 Illi
1467 457 1479 466 '
1530 457 1644 514 itur

423 546 602 601 Status
624 579 640 610 ,
673 537 740 596 ad
773 536 991 620 Imperii
1008 534 1456 615 Magnitudinem
1537 555 1645 595 ene

423 621 724 701 comparati
741 616 883 691 fimt,
902 620 999 699 qui
1031 628 1128 674 lus
1160 616 1432 675 Civitatis
1469 611 1642 675 facile

426 711 480 763 &
518 704 760 760 libenter>
783 700 1104 785 largiuntur.
1163 702 1315 756 Vana
1356 698 1639 778 siquidem

422 779 587 841 fuerit
627 783 822 858 opinio
841 821 857 847 ‚
892 771 1042 859 poffe
1079 779 1416 858 manipulum
1442 777 1639 837 homi-

417 882 554 922 num
576 903 593 932 ,
613 877 892 940 utcunque
920 863 1110 918 animis
1130 868 1180 920 &
1197 860 1427 919 confilio
1443 860 1636 919 excel-

423 944 539 1003 lant
561 986 576 1011 ‚
618 940 868 1026 regiones
889 942 1060 1000 nimio
1082 942 1198 1022 plus
1211 943 1411 1022 amplas
1433 947 1487 1000 &
1507 941 1632 1022 spa-

423 1024 585 1083 tiosas
603 1065 623 1093 ‚
656 1023 873 1104 Imperii
889 1025 1025 1105 jugo
1047 1022 1363 1082 cohibere&
1379 1018 1628 1082 fraenare.

422 1106 489 1163 Id
519 1105 585 1182 ad
606 1121 816 1184 tempus
832 1096 1053 1162 fortasse
1071 1100 1245 1163 facere
1263 1097 1464 1184 poffint
1490 1147 1508 1174 ‚
1532 1103 1631 1164 sed

422 1186 837 1250 diuturnitatem
877 1184 991 1244 haec
1043 1205 1127 1245 res
1164 1197 1289 1244 non-
1307 1177 1628 1265 assequitur.

424 1267 675 1349 Spartani
688 1269 833 1345 parci
846 1261 1063 1325 fuerunt
1078 1275 1129 1327 &
1145 1261 1390 1325 difficiles
1409 1270 1469 1324 in
1486 1288 1631 1326 coo·

325 1361 330 1368 ’
421 1348 632 1428 ptas'xdis
650 1348 804 1406 novis
824 1343 1072 1406 Civibue.
1104 1348 1261 1406 Vnde
1290 1348 1462 1407 donec
1480 1350 1627 1407 intra

422 1449 614 1511 parvos
645 1429 845 1489 limites
863 1429 1130 1490 dominati
1143 1426 1268 1488 sunt
1287 1473 1302 1499 ‚
1324 1449 1408 1488 res
1428 1450 1621 1489 eorum

421 1509 592 1571 firmae
629 1507 845 1573 fuerunt
865 1554 882 1581 ,
925 1518 977 1570 8(
999 1510 1232 1585 stabilesj
1274 1527 1329 1570 at
1342 1513 1622 1591 postquam

421 1592 624 1652 limites
663 1591 782 1652 suos
799 1584 1085 1671 coepiffent
1097 1588 1337 1672 proferre
1358 1635 1374 1661 ,
1394 1593 1620 1652 &latius

422 1675 721 1742 dominari,
758 1686 919 1754 quam
949 1691 1010 1732 ut
1031 1676 1182 1752 stirps
1203 1682 1581 1753 Spartanorum
1598 1700 1631 1744 ,⁴

423 1754 646 1816 turbam
677 1771 990 1817 exterorum
1010 1797 1026 1823 ,
1062 1756 1293 1835 imperio
1329 1755 1616 1814 commode

423 1857 675 1902 coercere
692 1827 866 1920 posset
887 1879 902 1905 ,
920 1838 1166 1916 potentia
1184 1852 1373 1895 eorum
1393 1840 1619 1896 corruit.

423 1921 589 1979 Nulla
603 1926 839 1998 unquani
870 1914 1189 1996 Respublica
1211 1915 1347 1973 finus
1362 1913 1482 1974 suos
1499 1958 1516 1986 ‚
1552 1939 1579 1975 a

422 2016 600 2056 novos
636 2003 798 2058 Cives
831 1997 1163 2078 recipiendos
1203 2038 1218 2065 ,
1259 2011 1375 2053 tam
1409 1994 1614 2074 proffise

418 2078 620 2136 laxavit
640 2121 656 2146 ,
692 2096 858 2156 quam
877 2079 1179 2161 Respublica
1192 2087 1455 2136 Romaenae'.
1497 2083 1604 2137 Ita-

423 2179 528 2236 que
553 2175 770 2236 parerat
791 2198 806 2224 ‚
823 2161 1068 2217 instituto
1086 2178 1200 2218 tam
1218 2160 1483 2240 prudenti,
1495 2155 1606 2216 for-

422 2255 587 2302 tuna;
623 2257 750 2294 cum
785 2241 843 2293 in
883 2241 1171 2318 imperium
1192 2258 1320 2301 toto
1349 2239 1475 2299 orbe
1492 2258 1602 2297 am-

421 2309 717 2396 plifflmum
731 2316 1112 2377 succreverint.
1150 2323 1330 2379 Moris
1367 2319 1498 2400 apud
1513 2340 1602 2379 eos
1676 2344 1684 2351 ·

421 2414 554 2463 erat,
576 2408 672 2452 lus
684 2394 949 2452 Civitatis
963 2418 1217 2479 prompte
1239 2403 1451 2483 elargiri
1474 2428 1488 2467 ς
1525 2403 1605 2460 id-

418 2495 523 2555 que
542 2478 600 2533 in
614 2473 862 2553 supremo
877 2477 1065 2558 gradu:
1082 2478 1191 2540 hoc
1211 2484 1304 2561 est,
1317 2502 1428 2541 non
1442 2480 1605 2542 solum

1521 2576 1610 2622 Ins
