1741 2905
365 9 372 12 Δ
431 15 534 79 148
577 12 666 68 Dr
693 3 1255 67 Pnornn.F1N1nvs
1278 6 1607 67 Iurtnrr.

429 112 541 163 tur,
564 95 774 151 nonita
828 92 1001 149 ridem
1020 132 1037 159 ,
1057 90 1438 173 indigenarum
1460 91 1664 170 pauci-

429 192 607 234 tatem
625 171 752 231 senfi
801 194 852 241 e,
868 175 1027 253 eique
1045 168 1349 229 succurrere
1372 163 1615 251 cupiiffie
1635 196 1654 237 ς

432 274 497 314 ut
516 276 582 313 ex
606 253 949 335 pragmatica
964 250 1244 310 Sannione
1262 292 1279 321 ‚
1315 250 1430 311 hoc
1480 257 1659 311 Anno

433 334 799 419 promulgata,
821 351 1036 393 cernere
1052 332 1144 391 cst.

519 407 893 476 Certiffimum
908 415 1172 482 est,Artes
1187 410 1548 472 mechanicas
1557 410 1653 497 se-
1668 477 1673 481 ,

434 497 737 567 amarias,
753 516 872 577 quae
891 515 1003 554 non
1018 492 1113 553 sub
1132 494 1247 563 dio,
1265 491 1352 552 sed
1368 492 1470 552 sub
1491 500 1652 555 tecto

437 596 761 639 exercentur
782 604 797 643 ς
821 596 981 658 atque
1001 574 1425 654 Manufaeluraeo
1440 576 1652 635 delica-

436 677 528 719 tas
547 700 563 727 ‚
580 678 701 739 quae
718 658 959 795 digitum
973 658 1156 739 potius
1212 675 1338 714 uam
1353 654 1650 718 brachium

433 759 497 798 re
535 741 718 797 uirunt
738 778 755 803 ,
788 755 1083 808 minatum,
1102 739 1180 795 mi
1207 736 1426 795 ‘taribus
1444 741 1646 796 animis

435 840 467 879 e
515 839 544 876 e
563 818 876 877 contrarias.
896 822 961 876 In
981 815 1506 897 universum‚Populi
1531 817 1649 877 bel-

434 899 588 959 licofi
622 894 800 958 feriari
818 899 1055 982 gaudent
1079 941 1095 966 ‚
1139 906 1191 958 δε
1224 899 1466 979 pericula
1480 918 1648 978 quam

436 981 646 1041 labores
686 983 862 1040 minus
882 978 1195 1039 exhorrent.
1232 986 1416 1059 Atque
1447 979 1509 1038 iii
1534 979 1643 1039 hoc

436 1063 667 1145 ingenio
682 1060 777 1119 suo
799 1102 815 1129 ‚
852 1081 967 1119 non
985 1059 1104 1120 sunt
1141 1061 1436 1119 admodum
1469 1064 1646 1142 repri-

438 1142 643 1209 mendi,
661 1141 719 1210 fi,
734 1144 947 1202 animos
964 1141 1199 1222 ipsorum
1215 1144 1276 1199 in
1293 1144 1487 1234 vigore
1505 1162 1643 1202 con-

438 1221 821 1290 servare,cordi
839 1222 1000 1281 nobis
1018 1222 1103 1281 fit.
1120 1224 1335 1307 Magno
1347 1240 1529 1304 itaque
1544 1223 1643 1282 ad-

438 1304 708 1379 jumentO,
725 1312 919 1383 Sparta
938 1342 957 1367 ,
979 1303 1232 1367 Athenis,
1252 1314 1428 1362 Roma
1446 1345 1462 1373 ,
1501 1302 1643 1372 aliis<-

439 1403 547 1466 que
582 1385 810 1466 antiquis
853 1382 1262 1465 Rebuspublicis
1296 1380 1400 1443 fuit
1440 1427 1457 1455 ‚
1490 1384 1637 1465 quod
1712 1454 1713 1469 χ

439 1464 727 1525 habuerint
746 1488 860 1526 non
881 1470 1148 1551 ingenuos
1173 1510 1189 1535 ,
1223 1465 1311 1526 sed
1325 1465 1501 1525 servos
1523 1467 1641 1547 ple·
1712 1524 1713 1527 ,

442 1567 547 1626 run
588 1568 653 1606 uc
690 1588 707 1615 ,
742 1567 979 1629 quorum
1020 1546 1298 1606 laboribus
1346 1545 1637 1606 istiusmodi

442 1632 534 1708 op‘
578 1630 662 1686 cia
693 1627 1130 1709 expediebantur.
1192 1632 1394 1686 Verum
1435 1630 1636 1688 manci-
1712 1642 1713 1655 ¹

441 1711 659 1791 piorum
689 1708 808 1769 usus
841 1751 858 1779 ‚
896 1710 1014 1788 post
1053 1719 1246 1788 Legem
1285 1707 1634 1791 Christianam
1710 1762 1713 1779 ⁴

440 1808 722 1872 receptam
736 1833 752 1861 ,
776 1793 1010 1863 maxima
1028 1810 1095 1849 ex
1111 1807 1264 1870 parte
1283 1831 1299 1858 ‚
1316 1790 1449 1846 abiit
1471 1790 1633 1850 inde·

437 1869 794 1932 suetudinem.
815 1873 966 1931 Huic
982 1890 1113 1930 vero
1127 1872 1204 1929 rei
1218 1870 1527 1948 proximum
1541 1872 1630 1939 est,

440 1967 505 2015 ut
526 1969 665 2013 artes
689 1955 803 2015 ,istae
819 1953 1129 2034 alienigenis
1162 1966 1377 2008 tanturn
1410 1953 1631 2029 permit-

441 2044 629 2089 tantur
648 2055 663 2094 3
766 2033 777 2044 ‘
793 2049 1082 2111 propterea
1098 2030 1366 2090 alliciendi
1385 2073 1402 2099 ,
1424 2049 1515 2090 aut
1532 2031 1626 2091 sal-

442 2124 559 2165 tem
593 2050 1081 2191 facilenrecipiendi
1112 2112 1253 2172 sunt.
1303 2113 1622 2172 Νικίωνα

439 2202 625 2243 antem
647 2188 800 2247 Plebs
841 2211 910 2247 ex
942 2191 1117 2251 tribus
1132 2191 1423 2276 generibus
1451 2191 1622 2250 homi-

442 2284 577 2324 num
598 2268 838 2324 constare
853 2267 1017 2328 debet
1039 2296 1054 2338 ς
1088 2276 1301 2352 Nempe
1315 2295 1384 2332 ex
1413 2273 1622 2353 Agrico-

442 2343 546 2409 [ὡς
586 2345 824 2403 Famula}
856 2347 1104 2425 ingenuis
1134 2377 1150 2418 ς
1185 2360 1237 2411 8(
1274 2352 1622 2432 Artffics'buss

440 2441 673 2501 quorum
708 2445 875 2505 opera
909 2426 1078 2489 robur
1114 2437 1167 2490 &
1203 2432 1438 2495 lacertos
1458 2435 1625 2493 viriles

1450 2515 1622 2592 postu·
